<record><leader>00000cas a2200000 a 4500</leader><controlfield tag="001">11052450</controlfield><controlfield tag="008">840814d18151818vaudn ne      0    0eng c</controlfield><datafield ind1=" " ind2=" " tag="010"><subfield code="a">sn 84024723 </subfield></datafield><datafield ind1=" " ind2=" " tag="040"><subfield code="a">NPV</subfield><subfield code="b">eng</subfield><subfield code="c">NPV</subfield><subfield code="d">NPA</subfield><subfield code="d">NPX</subfield><subfield code="d">DLC</subfield><subfield code="d">KNP</subfield><subfield code="d">NVK</subfield><subfield code="d">NVF</subfield><subfield code="d">NVK</subfield><subfield code="d">OCL</subfield><subfield code="d">NVK</subfield><subfield code="d">CVF</subfield><subfield code="d">NYS</subfield><subfield code="d">KRTAS</subfield><subfield code="d">OCLCQ</subfield><subfield code="d">OCLCF</subfield><subfield code="d">OCLCO</subfield></datafield><datafield ind1=" " ind2=" " tag="042"><subfield code="a">pcc</subfield></datafield><datafield ind1=" " ind2=" " tag="043"><subfield code="a">n-us-va</subfield></datafield><datafield ind1="0" ind2="0" tag="050"><subfield code="a">Newspaper 10028-X</subfield></datafield><datafield ind1="0" ind2=" " tag="130"><subfield code="a">American beacon and commercial diary (Norfolk, Va. : 1815 : Daily)</subfield></datafield><datafield ind1="1" ind2="4" tag="245"><subfield code="a">The American beacon and commercial diary.</subfield></datafield><datafield ind1="1" ind2=" " tag="246"><subfield code="i">Issues for Mar. 17-Apr. 2, 1817 published as:</subfield><subfield code="a">American beacon</subfield></datafield><datafield ind1=" " ind2=" " tag="260"><subfield code="a">Norfolk [Va.] :</subfield><subfield code="b">Shields &amp; Shepherd,</subfield><subfield code="c">1815-1818.</subfield></datafield><datafield ind1=" " ind2=" " tag="300"><subfield code="a">volumes :</subfield><subfield code="b">illustrations ;</subfield><subfield code="c">43 cm</subfield></datafield><datafield ind1=" " ind2=" " tag="310"><subfield code="a">Daily (except Sunday)</subfield></datafield><datafield ind1=" " ind2=" " tag="336"><subfield code="a">text</subfield><subfield code="b">txt</subfield><subfield code="2">rdacontent</subfield></datafield><datafield ind1=" " ind2=" " tag="337"><subfield code="a">unmediated</subfield><subfield code="b">n</subfield><subfield code="2">rdamedia</subfield></datafield><datafield ind1=" " ind2=" " tag="338"><subfield code="a">volume</subfield><subfield code="b">nc</subfield><subfield code="2">rdacarrier</subfield></datafield><datafield ind1="0" ind2=" " tag="362"><subfield code="a">Vol. 1, no. 1 (Aug. 7, 1815)-v. 6, no. 154 (Aug. 6, 1818).</subfield></datafield><datafield ind1=" " ind2=" " tag="530"><subfield code="a">Also issued on microfilm and microopaque from Readex Microprint Corp., and on microfilm from Bell &amp; Howell, Micro Photo Div.</subfield></datafield><datafield ind1=" " ind2=" " tag="580"><subfield code="a">Triweekly ed.: American beacon and commercial diary (Norfolk, Va. : 1815 : Triweekly), Aug. 7, 1815-Jan. 17, 1816; American beacon, &lt;1816-1818&gt;.</subfield></datafield><datafield ind1=" " ind2="0" tag="651"><subfield code="a">Norfolk (Va.)</subfield><subfield code="v">Newspapers.</subfield></datafield><datafield ind1=" " ind2="7" tag="655"><subfield code="a">Newspapers.</subfield><subfield code="2">fast</subfield><subfield code="0">(OCoLC)fst01423814</subfield></datafield><datafield ind1=" " ind2="7" tag="651"><subfield code="a">Virginia</subfield><subfield code="z">Norfolk.</subfield><subfield code="2">fast</subfield><subfield code="0">(OCoLC)fst01206844</subfield></datafield><datafield ind1="1" ind2=" " tag="700"><subfield code="a">Shields, Hamilton.</subfield></datafield><datafield ind1="1" ind2=" " tag="700"><subfield code="a">Shields, William C.,</subfield><subfield code="d">1791?-1855.</subfield></datafield><datafield ind1="1" ind2=" " tag="700"><subfield code="a">Shepherd, Samuel,</subfield><subfield code="d">1790 or 1791-1849.</subfield></datafield><datafield ind1="1" ind2=" " tag="700"><subfield code="a">Charlton, Seymour P.</subfield></datafield><datafield ind1=" " ind2=" " tag="752"><subfield code="a">United States</subfield><subfield code="b">Virginia</subfield><subfield code="d">Norfolk.</subfield></datafield><datafield ind1="1" ind2=" " tag="775"><subfield code="t">American beacon and commercial diary (Norfolk, Va. : 1815 : Triweekly)</subfield><subfield code="w">(DLC)sn 95067610</subfield><subfield code="w">(OCoLC)33388413</subfield></datafield><datafield ind1="1" ind2=" " tag="775"><subfield code="t">American beacon</subfield><subfield code="w">(DLC)sn 85025810</subfield><subfield code="w">(OCoLC)11921571</subfield></datafield><datafield ind1="0" ind2="0" tag="785"><subfield code="t">American beacon and Norfolk &amp; Portsmouth daily advertiser (Norfolk, Va. : 1818)</subfield><subfield code="w">(DLC)sn 84024509</subfield><subfield code="w">(OCoLC)10858510</subfield></datafield><datafield ind1=" " ind2=" " tag="938"><subfield code="a">Kirtas Technologies, Inc.</subfield><subfield code="b">KRTS</subfield><subfield code="n">738707</subfield></datafield></record>